<record xmlns="http://www.loc.gov/MARC21/slim" xmlns:xsi="http://www.w3.org/2001/XMLSchema-instance" xsi:schemaLocation="http://www.loc.gov/MARC21/slim http://www.loc.gov/standards/marcxml/schema/MARC21slim.xsd">

  <leader>00502nam a2200157Ia 4500</leader>
  <datafield ind1=" " tag="999" ind2=" ">
    <subfield code="c">451</subfield>
    <subfield code="d">451</subfield>
  </datafield>
  <controlfield tag="008">161103b2001    mx ||||| |||| 00| | spa d</controlfield>
  <datafield ind2=" " ind1=" " tag="020">
    <subfield code="a">9702600383</subfield>
  </datafield>
  <datafield ind2=" " tag="090" ind1=" ">
    <subfield code="a">19.01.05 </subfield>
    <subfield code="b">1294</subfield>
  </datafield>
  <datafield tag="100" ind1="1" ind2=" ">
    <subfield code="a">Raskin, Jef</subfield>
    <subfield code="9">2136</subfield>
  </datafield>
  <datafield ind2="0" tag="245" ind1="1">
    <subfield code="a">Diseños de sistemas interactivos: La importancia de nuestra relación con las computadoras / </subfield>
    <subfield code="c">Jef Raskin</subfield>
  </datafield>
  <datafield ind2=" " ind1=" " tag="260">
    <subfield code="a">México : </subfield>
    <subfield code="b">Pearson Education, </subfield>
    <subfield code="c">2001</subfield>
  </datafield>
  <datafield tag="300" ind1=" " ind2=" ">
    <subfield code="a">232 páginas</subfield>
  </datafield>
  <datafield ind2="4" tag="650" ind1="1">
    <subfield code="a">DISEÑO DE SISTEMAS</subfield>
    <subfield code="9">2137</subfield>
  </datafield>
  <datafield ind2="4" tag="650" ind1="1">
    <subfield code="a">COMPUTACIÓN</subfield>
    <subfield code="9">2138</subfield>
  </datafield>
  <datafield tag="942" ind1=" " ind2=" ">
    <subfield code="2">z</subfield>
    <subfield code="c">01</subfield>
  </datafield>
</record>